
@misc{kiepscy_trzymaj_mnie,
  author       = {Ferdynand Kiepski},
  year         = {2001},
  note         = {Odcinek: \textit{Zaczadzony umysł}, Sezon 9, Odcinek 219},
  url          = {https://kiepscy.fandom.com/wiki/Zaczadzony_umys%C5%82},
}

@book{powstanie_kiedys,
    author = {Publius Vergilius Maro},
    title  = {Aeneis},
    year   = {19 p. Chr.},
    publisher = {mec. Gaius Iulius Caesar Octavianus},
    location = {Roma},
    note = {xięga IV, 625}
}

@book{pan_tadeusz,
  author    = {Adam Mickiewicz},
  title     = {Pan Tadeusz, czyli ostatni zajazd na Litwie. Historja szlachecka z r. 1811 i 1812, we dwunastu księgach, wierszem},
  year      = {1834},
  publisher = {Aleksander Jełowicki},
  location  = {Paryż},
  note      = {Pierwsze wydanie}
}

@book{client_server,
    author = {Konrad Kaczmarczyk},
    title = {Wspinaczka a sieci komputerowe},
    year = {2025},
    location = {Warszawa},
    publisher = {G.Ó.R Szewska}
}
@book{znowu_afrykanie,
    author = {Tadeusz Brodzik},
    title = {Komentarz do badań nochetacznych w Afryce},
    year = {1687},
    location = {Warszawa},
    publisher = {ECTS}
}
@book{sfragistycy,
    author = {Jerzy Trzymajec, Piotr Skała, Urban Urbanowicz},
    title = {Klasyfikacyja materyjałów woskowych},
    year = {1678},
    location = {Częstochowa},
    publisher = {O.N.I Częściej}
}


@unpublished{drzewa_nochetaki,
    author = {Serverus Clientus},
    title = {Mojito, che paso salsa?},
    note = {Rękopis hiszpański},
    year = {512}
}

@unpublished{konetachos,
    author = {Konetachos z Tesaloniki},
    title  = {Massa corporis},
    year   = {2025-0 BC},
    location = {Ameryka},
    note = {Rękopis łaciński}
}

@book{katechon,
    author = {Paweł z Tarsu},
    title  = {Drugi list do Tesaloniczan},
    year   = {51},
    location = {Ephesos (?)}
}

@book{w_poszukiwaniu,
    author = {W. Adamowski},
    title  = {W poszukiwaniu nochetaka. Teologia polityczna Simona Clausa},
    year   = {2016},
    location = {Warszawa},
    publisher = {Von Borowiecky}
}

@book{czwarta_rewolucja,
    author = {Jerzy Trzymajec},
    title  = {Shaping the Future of the Fourth Industrial Revolution},
    year   = {2018},
    location = {New York},
    publisher = {Crown Publishing Group}}

@book{dysertacja_baby_jagi,
    author = {Baba Jaga},
    title  = {C-reaktives Protein als diagnostischer Parameter zur Erfassung eines Amnioninfektionssyndroms bei vorzeitigem Blasensprung und therapeutischem Entspannungsbad in der Geburtsvorbereitung},
    note = {dysertacja doktorska},
    year = {1990},
    publisher = {Hannover Medical School},
    location = {Hannover, RFN}
}

@book{plemienne_nochetaki,
    author = {I. Diotta},
    title = {Elementy kultury plemion afrykańskich},
    location = {Bydgoszcz},
    publisher = {COMA Piernik Dowiatraka},
    year = {1963}
}

@misc{czlonek1834,
  author    = {CZŁONEK TOWARZYSTWA},
  year      = {1834},
  publisher = {Aleksander Jełowicki},
  location  = {Paryż},
  note      = {Pierwsze wydanie}
}

@misc{wazny_agent_44,
  author    = {Ważny Agent 44},
  year      = {1834},
  publisher = {Aleksander Jełowicki},
  location  = {Paryż},
  note      = {Pierwsze wydanie}
}

@misc{nagrobek,
    author = {Murarsko-masoński mistrz z Plattenbergu},
    title = {Nagrobek profesora Clausa},
    year = {1985},
    location = {Plattenberg},
    address = {Nadrenia Północna-Westfalia, RFN}
}

@misc{didache,
    author = {Dwunastu Apostołów (tradycyjnie)},
    title = {\textgreek{Διδαχὴ κυρίου διὰ τῶν δώδεκα ἀποστόλων τοῖς ἔθνεσιν}},
    year = {ca. 59},
    language = {greka koine},
    note = {apokryf parenetyczny; 9,3}
}


% ===========================
% WZORCOWY WPIS BibTeX - @book
% ===========================

@book{mickiewicz_pan_tadeusz,
  author       = {Adam Mickiewicz},
  title        = {Pan Tadeusz, czyli ostatni zajazd na Litwie},
  subtitle     = {Historia szlachecka z roku 1811 i 1812 we dwunastu księgach wierszem},
  year         = {1834},
  publisher    = {Wydawnictwo Literackie},
  edition      = {3},
  volume       = {1},
  series       = {Klasyka Literatury Polskiej},
  address      = {Kraków},
  isbn         = {978-83-08-04567-8},
  language     = {polski},
  translator   = {Jan Kowalski},
  editor       = {Anna Nowak and Piotr Zieliński},
  note         = {Reprint wydania z 1920 roku},
  url          = {https://example.com/pan-tadeusz},
  urldate      = {2025-06-08},
  keywords     = {epopeja, literatura polska, romantyzm},
  abstract     = {Epokowa epopeja narodowa opowiadająca losy szlachty litewskiej.}
}

% ===========================
% DOSTĘPNE TYPY WPISÓW BibTeX
% ===========================

% @article         - Artykuł z czasopisma naukowego (np. Nature, Przegląd Humanistyczny)
% @book            - Cała książka z wydawnictwem i autorem/redaktorem
% @inbook          - Fragment, rozdział lub strona w książce
% @booklet         - Broszura, książka bez formalnego wydawnictwa
% @incollection    - Rozdział w książce zbiorowej (z edytorem)
% @inproceedings   - Artykuł w materiałach konferencyjnych
% @proceedings     - Całość materiałów konferencyjnych (jako wydawnictwo)
% @manual          - Instrukcja obsługi, dokumentacja techniczna
% @mastersthesis   - Praca magisterska
% @phdthesis       - Praca doktorska
% @techreport      - Raport techniczny, raport instytucji badawczej
% @misc            - Dowolne źródło, które nie pasuje do innych kategorii (np. list, wykład)
% @unpublished     - Dokument nieopublikowany, np. rękopis
% @online (niestandardowy) - Źródło internetowe (stosowane np. z BibLaTeX)

% ===========================
% PRZYDATNE POLA W WPISACH
% ===========================

% author       - Autor (np. Jan Nowak)
% editor       - Redaktor (jeśli brak autora lub to opracowanie)
% title        - Tytuł główny dzieła
% subtitle     - Podtytuł (BibLaTeX)
% year         - Rok publikacji
% date         - Dokładna data (YYYY-MM-DD, BibLaTeX)
% publisher    - Wydawnictwo
% address      - Miejsce wydania
% edition      - Wydanie (np. 2, 3)
% volume       - Tom
% number       - Numer w serii (czasopisma lub książki)
% pages        - Zakres stron (np. 123–135)
% journal      - Nazwa czasopisma (dla @article)
% booktitle    - Tytuł książki zbiorowej (dla @incollection/@inproceedings)
% school       - Uczelnia (dla prac dyplomowych)
% institution  - Instytucja wydająca (dla raportów)
% isbn         - ISBN książki
% url          - Link do źródła online
% urldate      - Data dostępu do strony (YYYY-MM-DD)
% note         - Dowolna notatka (np. „wydanie poprawione”)
% abstract     - Streszczenie źródła
% keywords     - Słowa kluczowe
